@book
	{
		1,
		author = {A. Bellani},
		title = {Probabilità e statistica per l'Informatica (appunti del corso)},
		year = {2023}
	}
@book
	{
		2,
		author = {A. Bellani},
		title = {Logica e algebra (appunti del corso)},
		year = {2022}
	}
@book
	{
		3,
		author = {V. Guruswami A. Rudra M. Sudan},
		title = {Essential Coding Theory},
		year = {2023}
	}
@book
	{
		4,
		author = {J.T. Gill},
		title = {Algebraic Error Correcting Codes (lectures notes)},
		year = {2015}
	}
@book
	{
		5,
		author = {M. Francischello O. Papini},
		title = {Teoria dei Codici e Crittografia},
		year = {2012}
	}
@book
	{
		6,
		author = {A. Bellani},
		title = {Geometria e algebra lineare (appunti del corso)},
		year = {2021}
	}
@article
	{
		7,
		author = {M. Bombar A. Couvreur T. Debris-Alazard},
		title = {On Codes and Learning With Errors Over Function Fields},
		year = {2022}
	}
@article
	{
		8,
		author = {V. Weger N. Gassner J. Rosenthal},
		title = {A Survey on Code-based Cryptography},
		year = {2024}
	}
@article
	{
		9,
		author = {G. Zémor},
		title = {Notes on Alekhnovich's cryptosystems},
		year = {2016}
	}
@article
	{
		10,
		author = {M. Bombar A. Couvreur T. Debris-Alazard},
		title = {Pseudorandomness of Decoding, Revisited: Adapting OHCP to Code-Based Cryptography},
		year = {2023}
	}
@book
	{
		11,
		author = {A. Bellani},
		title = {Algoritmi e principi dell'Informatica (appunti del corso)},
		year = {2022}
	}
@article
	{
		12,
		author = {C. Peikert},
		title = {A Decade of Lattice Cryptography},
		year = {2016}
	}
@article
	{
		13,
		author = {C. Aguilar-Melchor O. Blazy J. Deneuville P. Gaborit G. Zémor},
		title = {Efficient Encryption From Random Quasi-Cyclic Codes},
		year = {2018}
	}
@article
	{
		14,
		author = {V. Lyubashevsky},
		title = {Basic Lattice Cryptography},
		year = {2020}
	}
@article
	{
		15,
		author = {M. Alekhnovich},
		title = {More on average case vs approximation complexity},
		year = {2003}
	}
@article
	{
		16,
		author = {HQC team},
		title = {HQC: Hamming Quasi-Cyclic},
		year = {2021}
	}
@article
	{
		17,
		author = {O. Regev},
		title = {On Lattices, Learning with Errors, Random Linear Codes, and Cryptography},
		year = {2009}
	}
@article
	{
		18,
		author = {M. Ajtai C. Dwork},
		title = {A Public-Key Cryptosystem with Worst-Case/Average-Case Equivalence},
		year = {1997}
	}
@book
	{
		19,
		author = {M. Rosulek},
		title = {The Joy of Cryptography},
		year = {2021}
	}